<record xmlns='http://www.loc.gov/MARC21/slim'><leader>02784nam a22003493i 4500</leader><controlfield tag='001'>a13500152</controlfield><controlfield tag='003'>SIRSI</controlfield><controlfield tag='005'>20200821003001.0</controlfield><controlfield tag='006'>m        d        </controlfield><controlfield tag='007'>cr un</controlfield><controlfield tag='008'>200312t20202020cau     om    000 0 eng d</controlfield><datafield ind1=' ' ind2=' ' tag='040'><subfield code='a'>CSt</subfield><subfield code='b'>eng</subfield><subfield code='e'>rda</subfield><subfield code='c'>CSt</subfield><subfield code='d'>UtOrBLW</subfield></datafield><datafield ind1='1' ind2=' ' tag='100'><subfield code='a'>Bassen, Jonathan Spencer,</subfield><subfield code='e'>author.</subfield><subfield code=' '>UNAUTHORIZED</subfield></datafield><datafield ind1='1' ind2='0' tag='245'><subfield code='a'>Adaptive guidance for online learning environments /</subfield><subfield code='c'>Jonathan Bassen</subfield></datafield><datafield ind1=' ' ind2='1' tag='264'><subfield code='a'>[Stanford, California] :</subfield><subfield code='b'>[Stanford University],</subfield><subfield code='c'>2020</subfield></datafield><datafield ind1=' ' ind2='4' tag='264'><subfield code='c'>©2020</subfield></datafield><datafield ind1=' ' ind2=' ' tag='300'><subfield code='a'>1 online resource</subfield></datafield><datafield ind1=' ' ind2=' ' tag='336'><subfield code='a'>text</subfield><subfield code='2'>rdacontent</subfield></datafield><datafield ind1=' ' ind2=' ' tag='337'><subfield code='a'>computer</subfield><subfield code='2'>rdamedia</subfield></datafield><datafield ind1=' ' ind2=' ' tag='338'><subfield code='a'>online resource</subfield><subfield code='2'>rdacarrier</subfield></datafield><datafield ind1=' ' ind2=' ' tag='500'><subfield code='a'>Submitted to the Computer Science Department</subfield></datafield><datafield ind1=' ' ind2=' ' tag='502'><subfield code='g'>Thesis</subfield><subfield code='b'>Ph.D.</subfield><subfield code='c'>Stanford University</subfield><subfield code='d'>2020</subfield></datafield><datafield ind1='3' ind2=' ' tag='520'><subfield code='a'>In the last decade, online learning platforms have dramatically increased access to educational materials, and replaced and supplemented traditional co-located instruction. Throughout this shift, instructors have struggled with how best to create and deploy materials to online platforms and understand their effectiveness when scaled across hundreds or thousands of learners. To address these complementary problems, this thesis introduces new systems and methods for both learning analytics and adaptive instruction. In OARS, we demonstrate a real-time learning analytics system deployed across more than ten online courses with tens of thousands of learners. We then report on the value of learning analytics from the perspective of course instructors. Learning from these perspectives, we next introduce a system for adaptively scheduling educational activities through reinforcement learning (RL). Without any skill labels, this model learns how to assign educational activities in a way that maximizes learning gains while minimizing redundant work. Finally, in a randomized controlled experiment, we show that our RL scheduling algorithm helped to improve the educational experience for online learners by reducing the number of learning activities required to produce the same learning gains</subfield></datafield><datafield ind1='1' ind2=' ' tag='700'><subfield code='a'>Mitchell, John C.</subfield><subfield code='e'>degree supervisor.</subfield><subfield code='4'>ths</subfield><subfield code='0'>http://id.loc.gov/authorities/names/n93065485</subfield><subfield code=' '>^A817851</subfield></datafield><datafield ind1='1' ind2=' ' tag='700'><subfield code='a'>Piech, Chris</subfield><subfield code='q'>(Christopher),</subfield><subfield code='e'>degree committee member. </subfield><subfield code=' '>^A3843122</subfield></datafield><datafield ind1='1' ind2=' ' tag='700'><subfield code='a'>Thille, Candace,</subfield><subfield code='e'>degree committee member.</subfield><subfield code='4'>ths</subfield><subfield code='0'>http://id.loc.gov/authorities/names/no2017040952</subfield><subfield code=' '>^A3500950</subfield></datafield><datafield ind1='2' ind2=' ' tag='710'><subfield code='a'>Stanford University.</subfield><subfield code='b'>Computer Science Department.</subfield><subfield code='0'>http://id.loc.gov/authorities/names/n84052634</subfield><subfield code=' '>^A419917</subfield></datafield><datafield ind1=' ' ind2=' ' tag='596'><subfield code='a'>22</subfield></datafield><datafield ind1=' ' ind2=' ' tag='035'><subfield code='a'>(OCoLC-M)1145426460</subfield></datafield><datafield ind1='4' ind2='0' tag='856'><subfield code='u'>http://purl.stanford.edu/qk672zk2803</subfield><subfield code='x'>SDR-PURL</subfield><subfield code='x'>item</subfield></datafield><datafield ind1=' ' ind2=' ' tag='916'><subfield code='a'>DATE CATALOGED</subfield><subfield code='b'>20200313</subfield></datafield><datafield ind1=' ' ind2=' ' tag='999'><subfield code='a'>INTERNET RESOURCE</subfield><subfield code='w'>ASIS</subfield><subfield code='c'>1</subfield><subfield code='i'>13500152-1001</subfield><subfield code='l'>INTERNET</subfield><subfield code='m'>SUL</subfield><subfield code='r'>Y</subfield><subfield code='s'>Y</subfield><subfield code='t'>SUL</subfield><subfield code='u'>3/13/2020</subfield><subfield code='x'>E-THESIS</subfield></datafield></record>